@article{ref1,
title={A very relevant article},
journal={Fancy Journal},
author={Alice Anderson and Bob Belcher},
year=2000,
volume=1,
pages=1,
}

@inbook{ref2,
title={A relevant book, which does not count towards the citation requirements},
author={Alice Anderson},
year=2000,
edition={2$^{nd}$},
location={New York},
publisher={Fancy Publisher},
pages={1--10},
}


Note:  in bibtex, you don't need a special comment symbol.  Just write anything you want anywhere, it will ignore everything not within a reference.